%% This BibTeX bibliography file was created using BibDesk.
%% https://bibdesk.sourceforge.io/




%% Saved with string encoding Unicode (UTF-8) 

@inproceedings{kalodner2018arbitrum,
	author = {Kalodner, Harry and Goldfeder, Steven and Chen, Xiaoqi and Weinberg, S Matthew and Felten, Edward W},
	booktitle = {USENIX Security Symposium},
	date-modified = {2020-09-22 21:48:37 -0400},
	pages = {1353--1370},
	title = {Arbitrum: Scalable, private smart contracts},
	year = {2018}}

@article{gudgeon2019sok,
  title={SoK: Off The Chain Transactions.},
  author={Gudgeon, Lewis and Moreno-Sanchez, Pedro and Roos, Stefanie and McCorry, Patrick and Gervais, Arthur},
  journal={IACR Cryptol. ePrint Arch.},
  volume={2019},
  pages={360},
  year={2019}
}

@article{mccorry2021sok,
  title={Sok: Validating bridges as a scaling solution for blockchains},
  author={McCorry, Patrick and Buckland, Chris and Yee, Bennet and Song, Dawn},
  journal={Cryptology ePrint Archive},
  year={2021}
}

@article{moosavi2021lissy,
  title={Lissy: Experimenting with on-chain order books},
  author={Moosavi, Mahsa and Clark, Jeremy},
  journal={arXiv preprint arXiv:2101.06291},
  year={2021}
}

@inproceedings{demirag2021absentia,
  title={Absentia: Secure Multiparty Computation on Ethereum},
  author={Demirag, Didem and Clark, Jeremy},
  booktitle={International Conference on Financial Cryptography and Data Security},
  pages={381--396},
  year={2021},
  organization={Springer}
}

@inproceedings{zamyatin2021sok,
  title={Sok: Communication across distributed ledgers},
  author={Zamyatin, Alexei and Al-Bassam, Mustafa and Zindros, Dionysis and Kokoris-Kogias, Eleftherios and Moreno-Sanchez, Pedro and Kiayias, Aggelos and Knottenbelt, William J},
  booktitle={International Conference on Financial Cryptography and Data Security},
  pages={3--36},
  year={2021},
  organization={Springer}
}

@inproceedings{clark2014decentralizing,
  title={On decentralizing prediction markets and order books},
  author={Clark, Jeremy and Bonneau, Joseph and Felten, Edward W and Kroll, Joshua A and Miller, Andrew and Narayanan, Arvind},
  booktitle={Workshop on the Economics of Information Security, State College, Pennsylvania},
  volume={188},
  year={2014}
}

@article{sztorc2015truthcoin,
  title={Truthcoin},
  author={Sztorc, Paul},
  journal={peer-to-peer oracle system and prediction marketplace.},
  year={2015}
}